<record><leader>00000cas a2200000 a 4500</leader><controlfield tag="001">33287585</controlfield><controlfield tag="008">951012d19871994nyuwr ne      0    0eng c</controlfield><datafield ind1=" " ind2=" " tag="010"><subfield code="a">sn 95071373 </subfield></datafield><datafield ind1=" " ind2=" " tag="040"><subfield code="a">NYS</subfield><subfield code="b">eng</subfield><subfield code="c">NYS</subfield><subfield code="d">OCLCQ</subfield><subfield code="d">OCLCF</subfield><subfield code="d">OCLCO</subfield></datafield><datafield ind1="1" ind2=" " tag="029"><subfield code="a">AU@</subfield><subfield code="b">000012146653</subfield></datafield><datafield ind1=" " ind2=" " tag="042"><subfield code="a">pcc</subfield></datafield><datafield ind1=" " ind2=" " tag="043"><subfield code="a">n-us-ny</subfield></datafield><datafield ind1="0" ind2="4" tag="245"><subfield code="a">The Port times.</subfield></datafield><datafield ind1="1" ind2="3" tag="246"><subfield code="a">Times-beacon newspapers</subfield></datafield><datafield ind1=" " ind2=" " tag="260"><subfield code="a">Setauket, N.Y. :</subfield><subfield code="b">Times Beacon Newspapers,</subfield><subfield code="c">1987-1994.</subfield></datafield><datafield ind1=" " ind2=" " tag="300"><subfield code="a">5 v.</subfield></datafield><datafield ind1=" " ind2=" " tag="310"><subfield code="a">Weekly</subfield></datafield><datafield ind1="0" ind2=" " tag="362"><subfield code="a">Vol. 1, no. 1 (Mar. 23, 1987)-v. 5, no. 47 (Feb. 24, 1994).</subfield></datafield><datafield ind1=" " ind2=" " tag="500"><subfield code="a">"Serving Port Jefferson."</subfield></datafield><datafield ind1=" " ind2="0" tag="651"><subfield code="a">Setauket (N.Y.)</subfield><subfield code="v">Newspapers.</subfield></datafield><datafield ind1=" " ind2="0" tag="651"><subfield code="a">Port Jefferson (N.Y.)</subfield><subfield code="v">Newspapers.</subfield></datafield><datafield ind1=" " ind2="0" tag="651"><subfield code="a">Suffolk County (N.Y.)</subfield><subfield code="v">Newspapers.</subfield></datafield><datafield ind1=" " ind2="7" tag="655"><subfield code="a">Newspapers.</subfield><subfield code="2">fast</subfield><subfield code="0">(OCoLC)fst01423814</subfield></datafield><datafield ind1=" " ind2="7" tag="651"><subfield code="a">New York (State)</subfield><subfield code="z">Port Jefferson.</subfield><subfield code="2">fast</subfield><subfield code="0">(OCoLC)fst01203448</subfield></datafield><datafield ind1=" " ind2="7" tag="651"><subfield code="a">New York (State)</subfield><subfield code="z">Setauket.</subfield><subfield code="2">fast</subfield><subfield code="0">(OCoLC)fst01237549</subfield></datafield><datafield ind1=" " ind2="7" tag="651"><subfield code="a">New York (State)</subfield><subfield code="z">Suffolk County.</subfield><subfield code="2">fast</subfield><subfield code="0">(OCoLC)fst01207260</subfield></datafield><datafield ind1=" " ind2=" " tag="752"><subfield code="a">United States</subfield><subfield code="b">New York</subfield><subfield code="c">Suffolk</subfield><subfield code="d">Setauket.</subfield></datafield><datafield ind1=" " ind2=" " tag="752"><subfield code="a">United States</subfield><subfield code="b">New York</subfield><subfield code="c">Suffolk</subfield><subfield code="d">Port Jefferson.</subfield></datafield><datafield ind1="0" ind2="7" tag="785"><subfield code="t">Port Jefferson record (Port Jefferson Station, N.Y.)</subfield><subfield code="w">(DLC)sn 96083545</subfield><subfield code="w">(OCoLC)33963413</subfield></datafield><datafield ind1="0" ind2="7" tag="785"><subfield code="t">Port times-record</subfield><subfield code="w">(DLC)sn 96083546</subfield><subfield code="w">(OCoLC)20787494</subfield></datafield></record>